@article{Koenigstein:2021syz,
	author				=	{Koenigstein, Adrian and Steil, Martin J. and Wink, Nicolas and Grossi, Eduardo and Braun, Jens and Buballa, Michael and Rischke, Dirk H.},
	title				=	{{Numerical fluid dynamics for FRG flow equations: Zero-dimensional QFTs as numerical test cases. I. The $O(N)$ model}},
	eprint				=	{2108.02504},
	archivePrefix		=	{arXiv},
	primaryClass		=	{cond-mat.stat-mech},
	doi					=	{10.1103/PhysRevD.106.065012},
	journal				=	{Phys. Rev. D},
	volume				=	{106},
	number				=	{6},
	pages				=	{065012},
	year				=	{2022},
	keywords			=	{pub}
}

@article{Koenigstein:2021rxj,
	author				=	{Koenigstein, Adrian and Steil, Martin J. and Wink, Nicolas and Grossi, Eduardo and Braun, Jens},
	title				=	{{Numerical fluid dynamics for FRG flow equations: Zero-dimensional QFTs as numerical test cases. II. Entropy production and irreversibility of RG flows}},
	eprint				=	{2108.10085},
	archivePrefix		=	{arXiv},
	primaryClass		=	{cond-mat.stat-mech},
	doi					=	{10.1103/PhysRevD.106.065013},
	journal				=	{Phys. Rev. D},
	volume				=	{106},
	number				=	{6},
	pages				=	{065013},
	year				=	{2022},
	keywords			=	{pub}
}


@article{Steil:2021cbu,
	author				=	{Steil, Martin J. and Koenigstein, Adrian},
	title				=	{{Numerical fluid dynamics for FRG flow equations: Zero-dimensional QFTs as numerical test cases. III. Shock and rarefaction waves in RG flows reveal limitations of the $N\ensuremath{\rightarrow}\ensuremath{\infty}$ limit in $O(N)$-type models}},
	eprint				=	{2108.04037},
	archivePrefix		=	{arXiv},
	primaryClass		=	{cond-mat.stat-mech},
	doi					=	{10.1103/PhysRevD.106.065014},
	journal				=	{Phys. Rev. D},
	volume				=	{106},
	number				=	{6},
	pages				=	{065014},
	year				=	{2022},
	keywords			=	{pub}
}

@misc{Stoll:2021ori,
	author				=	{Stoll, Jonas and Zorbach, Niklas and Koenigstein, Adrian and Steil, Martin J. and Rechenberger, Stefan},
	title				=	{{Bosonic fluctuations in the $( 1 + 1 )$-dimensional Gross-Neveu(-Yukawa) model at varying $\mu$ and $T$ and finite $N$}},
	eprint				=	{2108.10616},
	archivePrefix		=	{arXiv},
	primaryClass		=	{hep-ph},
	year				=	{2021},
	month				=	{8},
	keywords			=	{pub}
}

@article{Koenigstein:2021llr,
	author				=	{Koenigstein, Adrian and Pannullo, Laurin and Rechenberger, Stefan and Steil, Martin J. and Winstel, Marc},
	title				=	{{Detecting inhomogeneous chiral condensation from the bosonic two-point function in the (1 + 1)-dimensional Gross\textendash{}Neveu model in the mean-field approximation*}},
	eprint				=	{2112.07024},
	archivePrefix		=	{arXiv},
	primaryClass		=	{hep-ph},
	doi					=	{10.1088/1751-8121/ac820a},
	journal				=	{J. Phys. A},
	volume				=	{55},
	number				=	{37},
	pages				=	{375402},
	year				=	{2022},
	keywords			=	{pub}
}

@phdthesis{Steil:2024phd,
	ids					=	{Steil:2022phd,Steil:2023phd},
	author				=	{Steil, Martin Jakob},
	title				=	{{From zero-dimensional theories to inhomogeneous phases with the functional renormalization group}},
	year				=	{2024},
	school				=	{Technische Universit√§t Darmstadt},
	doi					=	{10.26083/tuprints-00027380},
	type				=	{PhD thesis}
}

